<record><leader>00000cas a22000007a 4500</leader><controlfield tag="001">13781132</controlfield><controlfield tag="008">860626d18731908paucr ne      0   a0eng d</controlfield><datafield ind1=" " ind2=" " tag="010"><subfield code="a">sn 86053536 </subfield></datafield><datafield ind1=" " ind2=" " tag="040"><subfield code="a">NPX</subfield><subfield code="b">eng</subfield><subfield code="c">NPX</subfield><subfield code="d">NPH</subfield><subfield code="d">DLC</subfield><subfield code="d">OCLCF</subfield><subfield code="d">DLC</subfield></datafield><datafield ind1=" " ind2=" " tag="012"><subfield code="l">a</subfield></datafield><datafield ind1="0" ind2=" " tag="022"><subfield code="a">2166-7691</subfield><subfield code="2">1</subfield></datafield><datafield ind1=" " ind2=" " tag="042"><subfield code="a">msc</subfield><subfield code="a">nsdp</subfield></datafield><datafield ind1=" " ind2=" " tag="043"><subfield code="a">n-us-pa</subfield></datafield><datafield ind1="0" ind2="0" tag="050"><subfield code="a">ISSN RECORD</subfield></datafield><datafield ind1="1" ind2="0" tag="082"><subfield code="a">071</subfield><subfield code="2">23</subfield></datafield><datafield ind1=" " ind2="4" tag="222"><subfield code="a">The Honesdale citizen</subfield></datafield><datafield ind1="0" ind2="4" tag="245"><subfield code="a">The Honesdale citizen.</subfield></datafield><datafield ind1="0" ind2="0" tag="246"><subfield code="a">Citizen</subfield></datafield><datafield ind1=" " ind2=" " tag="260"><subfield code="a">Honesdale, Pa. :</subfield><subfield code="b">H. Wilson, E.A. Penniman,</subfield><subfield code="c">1873-1908.</subfield></datafield><datafield ind1=" " ind2=" " tag="300"><subfield code="a">36 v. ;</subfield><subfield code="c">68 cm.</subfield></datafield><datafield ind1=" " ind2=" " tag="310"><subfield code="a">Semiweekly</subfield><subfield code="b">&lt;, 1908&gt;</subfield></datafield><datafield ind1=" " ind2=" " tag="321"><subfield code="a">Weekly</subfield><subfield code="b">&lt;, 1876-1907&gt;</subfield></datafield><datafield ind1="0" ind2=" " tag="362"><subfield code="a">Vol. 6, no. 1 (June 12, 1873)-v. 40, no. 21 (Sept. 24, 1908).</subfield></datafield><datafield ind1=" " ind2=" " tag="500"><subfield code="a">"Republican," &lt;1876&gt;.</subfield></datafield><datafield ind1=" " ind2=" " tag="530"><subfield code="a">Also available on microfilm.</subfield></datafield><datafield ind1=" " ind2=" " tag="500"><subfield code="a">Editors: Henry Wilson, &lt;1876&gt;; Edward A. Penniman, &lt;1876&gt;.</subfield></datafield><datafield ind1=" " ind2=" " tag="530"><subfield code="a">Archived issues are available in digital format as part of the Library of Congress Chronicling America online collection.</subfield></datafield><datafield ind1=" " ind2="0" tag="651"><subfield code="a">Honesdale (Pa.)</subfield><subfield code="v">Newspapers.</subfield></datafield><datafield ind1=" " ind2="7" tag="651"><subfield code="a">Pennsylvania</subfield><subfield code="z">Honesdale.</subfield><subfield code="2">fast</subfield><subfield code="0">(OCoLC)fst01206609</subfield></datafield><datafield ind1=" " ind2="7" tag="655"><subfield code="a">Newspapers.</subfield><subfield code="2">fast</subfield><subfield code="0">(OCoLC)fst01423814</subfield></datafield><datafield ind1=" " ind2=" " tag="752"><subfield code="a">United States</subfield><subfield code="b">Pennsylvania</subfield><subfield code="c">Wayne</subfield><subfield code="d">Honesdale.</subfield></datafield><datafield ind1="0" ind2="0" tag="780"><subfield code="t">Wayne citizen</subfield><subfield code="w">(DLC)sn 83032095</subfield><subfield code="w">(OCoLC)10170015</subfield></datafield><datafield ind1="0" ind2="0" tag="785"><subfield code="t">Citizen (Honesdale, Pa.)</subfield><subfield code="x">2166-7705</subfield><subfield code="w">(DLC)sn 87078082</subfield><subfield code="w">(OCoLC)14233846</subfield></datafield><datafield ind1="4" ind2="1" tag="856"><subfield code="u">http://www.loc.gov/chroniclingamerica/lccn/sn86053536/issues</subfield></datafield><datafield ind1="1" ind2=" " tag="029"><subfield code="a">AU@</subfield><subfield code="b">000025791431</subfield></datafield></record>